@article{Parker1972,
	title = {The {Rapid} {Calculation} of {Potential} {Anomalies}},
	volume = {31},
	issn = {0956-540X},
	doi = {10.1111/j.1365-246X.1973.tb06513.x},
	number = {4},
	journal = {Geophysical Journal International},
	author = {Parker, R. L.},
	year = {1972},
	pages = {447--455},
}


@article{lacoste_crosscorrelation_1973,
	title = {Crosscorrelation {Method} for {Evaluating} and {Correcting} {Shipboard} {Gravity} {Data}},
	volume = {38},
	issn = {0016-8033, 1942-2156},
	doi = {10.1190/1.1440369},
	language = {en},
	number = {4},
	journal = {Geophysics},
	author = {Lacoste, Lucien J. B.},
	month = aug,
	year = {1973},
	pages = {701--709},
}

@article{lacoste_measurement_1967,
	title = {Measurement of gravity at sea and in the air},
	volume = {5},
	issn = {8755-1209},
	doi = {10.1029/RG005i004p00477},
	language = {en},
	number = {4},
	journal = {Reviews of Geophysics},
	author = {Lacoste, Lucien J. B.},
	year = {1967},
}

@article{bell_evaluation_1986,
	title = {Evaluation of the {BGM}-3 sea gravity meter system onboard \textit{{R}/{V} {Conrad}}},
	volume = {51},
	issn = {0016-8033, 1942-2156},
	doi = {10.1190/1.1442196},
	language = {en},
	number = {7},
	journal = {Geophysics},
	author = {Bell, Robin E. and Watts, A. B.},
	month = jul,
	year = {1986},
	pages = {1480--1493},
}